<?xml version="1.0" encoding="UTF-8"?><collection xmlns="http://www.loc.gov/MARC21/slim"><record><leader>00431nam--2200145-i-4500</leader><controlfield tag="001">000021167</controlfield><controlfield tag="002">20161230</controlfield><controlfield tag="005">20161230201034</controlfield><controlfield tag="008">060222s1000------------r-----000-0-eng-d</controlfield><datafield ind1=" " ind2=" " tag="100"><subfield code="a">Grothendieck, Alexandre</subfield></datafield><datafield ind1=" " ind2=" " tag="245"><subfield code="a">Produits tensoriels topologiques et espaces nucleaires</subfield></datafield><datafield ind1=" " ind2=" " tag="260"><subfield code="a">New York, Am. Math. Soc., 1955. 140p</subfield></datafield><datafield ind1=" " ind2=" " tag="490"><subfield code="a">Memoirs Of The American Math. Soc</subfield></datafield><datafield ind1=" " ind2=" " tag="852"><subfield code="a">12179</subfield><subfield code="c">513.83</subfield></datafield><datafield ind1=" " ind2=" " tag="CAT"><subfield code="a">Sys</subfield><subfield code="c">20080722</subfield><subfield code="h">101654</subfield></datafield></record></collection>